@article{smirnov1948,
author = "Smirnov, N.",
doi = "10.1214/aoms/1177730256",
fjournal = "The Annals of Mathematical Statistics",
journal = "Ann. Math. Statist.",
month = "06",
number = "2",
pages = "279--281",
publisher = "The Institute of Mathematical Statistics",
title = "Table for Estimating the Goodness of Fit of Empirical Distributions",
url = "https://doi.org/10.1214/aoms/1177730256",
volume = "19",
year = "1948"
}
